<?xml version="1.0" encoding="UTF-8"?><collection xmlns="http://www.loc.gov/MARC21/slim"><record><leader>00401nam--2200133-i-4500</leader><controlfield tag="001">000027002</controlfield><controlfield tag="002">20161230</controlfield><controlfield tag="005">20161230201036</controlfield><controlfield tag="008">060222s1000------------r-----000-0-eng-d</controlfield><datafield ind1=" " ind2=" " tag="080"><subfield code="a">538.9(043)</subfield></datafield><datafield ind1=" " ind2=" " tag="100"><subfield code="a">Eymery, Jean-paul</subfield></datafield><datafield ind1=" " ind2=" " tag="245"><subfield code="a">Relations entre l`etat structural et les proprietes mecaniques de l`alliage ordonne fe-co-2v.these</subfield></datafield><datafield ind1=" " ind2=" " tag="260"><subfield code="a">Poitiers, Universite, 1974. /Pag.Dif.</subfield></datafield><datafield ind1=" " ind2=" " tag="852"><subfield code="a">78002</subfield></datafield></record></collection>